@inproceedings{Manku:2007:DNW:1242572.1242592,
 author = {Manku, Gurmeet Singh and Jain, Arvind and Das Sarma, Anish},
 title = {Detecting Near-duplicates for Web Crawling},
 booktitle = {Proceedings of the 16th International Conference on World Wide Web},
 series = {WWW '07},
 year = {2007},
 isbn = {978-1-59593-654-7},
 location = {Banff, Alberta, Canada},
 pages = {141--150},
 numpages = {10},
 url = {http://doi.acm.org/10.1145/1242572.1242592},
 doi = {10.1145/1242572.1242592},
 acmid = {1242592},
 publisher = {ACM},
 address = {New York, NY, USA},
 keywords = {fingerprint, hamming distance, near-duplicate, search, similarity, sketch, web crawl, web document},
} 

@inproceedings{Charikar:2002:SET:509907.509965,
 author = {Charikar, Moses S.},
 title = {Similarity Estimation Techniques from Rounding Algorithms},
 booktitle = {Proceedings of the Thiry-fourth Annual ACM Symposium on Theory of Computing},
 series = {STOC '02},
 year = {2002},
 isbn = {1-58113-495-9},
 location = {Montreal, Quebec, Canada},
 pages = {380--388},
 numpages = {9},
 url = {http://doi.acm.org/10.1145/509907.509965},
 doi = {10.1145/509907.509965},
 acmid = {509965},
 publisher = {ACM},
 address = {New York, NY, USA},
} 


@inproceedings{Broder:1997:SCW:283554.283370,
 author = {Broder, Andrei Z. and Glassman, Steven C. and Manasse, Mark S. and Zweig, Geoffrey},
 title = {Syntactic Clustering of the Web},
 booktitle = {Selected Papers from the Sixth International Conference on World Wide Web},
 year = {1997},
 location = {Santa Clara, California, USA},
 pages = {1157--1166},
 numpages = {10},
 url = {http://dl.acm.org/citation.cfm?id=283554.283370},
 acmid = {283370},
 publisher = {Elsevier Science Publishers Ltd.},
 address = {Essex, UK},
 keywords = {Web search, duplication resemblance, fingertips, signatures, similarity},
} 

@online
{
  graphicx,
  author = {Carlisle, D.},
  title = {Graphicx: Enhanced support for graphicsl Description},
  year = 2010,
  url = {http://www.ctan.org/tex-archive/ help/Catalogue/entries/graphicx.htm},
  urldate = {2017-12-15}
}

@misc
{
  selenium,
  author = {},
  title = {Selenium},
  year = 2017,
  url = {http://www.seleniumhq.org},
  urldate = {2017-12-15},
  howpublished = "\url{http://www.seleniumhq.org}",
}

@misc
{
  phishtank,
  author = {},
  title = {PhishTank},
  year = 2017,
  url = { https://www.phishtank.com},
  urldate = {2017-12-15},
  howpublished = "\url{https://www.phishtank.com}", 
}

@misc
{
  w3c,
  author = {},
  title = {Document object model (dom) level 3 core specification},
  year = {2004},
  url = { http://www.w3.org/TR/2004/ REC-DOM-Level-3-Core-20040407/ },
  urldate = {2017-12-15},
  howpublished = "\url{http://www.w3.org/TR/2004/ REC-DOM-Level-3-Core-20040407/}", 
}

@misc
{
  blackhat,
  author = {},
  title = {Black Hat Tools},
  year = {2017},
  url = { https://www.blackhatworld.com/forums/black-hat-seo-tools.9},
  urldate = {2017-12-15},
  howpublished = "\url{https://www.blackhatworld.com/forums/black-hat-seo-tools.9}"
}

@misc
{
  dnib,
  author = {},
  title = {The Domain Name Industry Brief},
  year = {2017},
  url = { https://investor.verisign.com/releasedetail.cfm?releaseid=980215},
  urldate = {2017-12-15},
  howpublished = "\url{https://investor.verisign.com/releasedetail.cfm?releaseid=980215}"
}

@misc
{
  lsh,
  author = {Wikipedia},
  title = {Locality Sensitive Hashing},
  year = {2017},
  url = {https://en.wikipedia.org/wiki/Locality-sensitive_hashing},
  urldate = {2017-12-15},
  howpublished = "\url{https://en.wikipedia.org/wiki/Locality-sensitive_hashing}"
}


@misc
{
  bs4,
  author = {},
  title = {Beautiful Soup},
  year = {2017},
  url = {https://pypi.python.org/pypi/beautifulsoup4},
  urldate = {2017-12-15},
  howpublished = "\url{https://pypi.python.org/pypi/beautifulsoup4}"
}


@misc
{
  opendns,
  author = {},
  title = {OpenDNS},
  year = {2017},
  url = {https://www.opendns.com},
  urldate = {2017-12-15},
  howpublished = "\url{https://www.opendns.com}"
}

@misc
{
  curl,
  author = {},
  title = {Curl},
  year = {2017},
  url = {https://curl.haxx.se},
  urldate = {2017-12-15},
  howpublished = "\url{https://curl.haxx.se}"
}


@misc
{
  europol,
  author = {Europol},
  title = {Over 4500 Illicit domain names seized for selling counterfeit products},
  year = {2016},
  howpublished = "\url{https://www.europol.europa.eu/newsroom/news/over-4500-illicit-domain-names-seized-for-selling-counterfeit-products}",
  urldate = {2017-12-15},
  
}

@inproceedings{Indyk:1998:ANN:276698.276876,
 author = {Indyk, Piotr and Motwani, Rajeev},
 title = {Approximate Nearest Neighbors: Towards Removing the Curse of Dimensionality},
 booktitle = {Proceedings of the Thirtieth Annual ACM Symposium on Theory of Computing},
 series = {STOC '98},
 year = {1998},
 isbn = {0-89791-962-9},
 location = {Dallas, Texas, USA},
 pages = {604--613},
 numpages = {10},
 url = {http://doi.acm.org/10.1145/276698.276876},
 doi = {10.1145/276698.276876},
 acmid = {276876},
 publisher = {ACM},
 address = {New York, NY, USA},
} 

@inproceedings
{
Carpineto:2017:LDM:3106426.3106441,
 author = {Carpineto, Claudio and Romano, Giovanni},
 title = {Learning to Detect and Measure Fake Ecommerce Websites in Search-engine Results},
 booktitle = {Proceedings of the International Conference on Web Intelligence},
 series = {WI '17},
 year = {2017},
 isbn = {978-1-4503-4951-2},
 location = {Leipzig, Germany},
 pages = {403--410},
 numpages = {8},
 url = {http://doi.acm.org/10.1145/3106426.3106441},
 doi = {10.1145/3106426.3106441},
 acmid = {3106441},
 publisher = {ACM},
 address = {New York, NY, USA},
 keywords = {cybercrime measurement, online counterfeit goods, spam detection in web search results, trustworthiness assessment of eshops, website classification},
} 

@inproceedings{Cova:2008:NFP:1496702.1496706,
 author = {Cova, Marco and Kruegel, Christopher and Vigna, Giovanni},
 title = {There is No Free Phish: An Analysis of "Free" and Live Phishing Kits},
 booktitle = {Proceedings of the 2Nd Conference on USENIX Workshop on Offensive Technologies},
 series = {WOOT'08},
 year = {2008},
 location = {San Jose, CA},
 pages = {4:1--4:8},
 articleno = {4},
 numpages = {8},
 url = {http://dl.acm.org/citation.cfm?id=1496702.1496706},
 acmid = {1496706},
 publisher = {USENIX Association},
 address = {Berkeley, CA, USA},
} 

@inproceedings{Fetterly:2003:ECN:951953.952397,
 author = {Fetterly, Dennis and Manasse, Mark and Najork, Marc},
 title = {On the Evolution of Clusters of Near-Duplicate Web Pages},
 booktitle = {Proceedings of the First Conference on Latin American Web Congress},
 series = {LA-WEB '03},
 year = {2003},
 isbn = {0-7695-2058-8},
 pages = {37--},
 url = {http://dl.acm.org/citation.cfm?id=951953.952397},
 acmid = {952397},
 publisher = {IEEE Computer Society},
 address = {Washington, DC, USA},
} 

@ARTICLE{6772729, 
author={R. W. Hamming}, 
journal={The Bell System Technical Journal}, 
title={Error detecting and error correcting codes}, 
year={1950}, 
volume={29}, 
number={2}, 
pages={147-160}, 
keywords={}, 
doi={10.1002/j.1538-7305.1950.tb00463.x}, 
ISSN={0005-8580}, 
month={April},}

@INPROCEEDINGS{7785739, 
author={T. Gowda and C. A. Mattmann}, 
booktitle={2016 IEEE 17th International Conference on Information Reuse and Integration (IRI)}, 
title={Clustering Web Pages Based on Structure and Style Similarity (Application Paper)}, 
year={2016}, 
volume={}, 
number={}, 
pages={175-180}, 
keywords={Internet;hypermedia markup languages;pattern clustering;trees (mathematics);DOM trees;HTML pages;Web page structure;Web page style;automatic extractions;categorization;cleaning;cluster analysis task;hyper text markup language;schema detection;semantic meaning;structural similarity;stylistic similarity;tree edit distance measure;Cascading style sheets;Data models;HTML;Vegetation;Videos;Web pages;World Wide Web;clustering;documents;jaccard;metadata;similarity;tika}, 
doi={10.1109/IRI.2016.30}, 
ISSN={}, 
month={July},}

@article{kumar2013near,
  title={Near-duplicate web page detection: an efficient approach using clustering, sentence feature and fingerprinting},
  author={Kumar, J Prasanna and Govindarajulu, Paladugu},
  journal={International Journal of Computational Intelligence Systems},
  volume={6},
  number={1},
  pages={1--13},
  year={2013},
  publisher={Taylor \& Francis}
}

@article{koga2007fast,
  title={Fast agglomerative hierarchical clustering algorithm using Locality-Sensitive Hashing},
  author={Koga, Hisashi and Ishibashi, Tetsuo and Watanabe, Toshinori},
  journal={Knowledge and Information Systems},
  volume={12},
  number={1},
  pages={25--53},
  year={2007},
  publisher={Springer}
}

@inproceedings{Narayana:2010:FTE:1947599.1947616,
 author = {Narayana, V. A. and Premchand, P. and Govardhan, A.},
 title = {Fixing the Threshold for Effective Detection of Near Duplicate Web Documents in Web Crawling},
 booktitle = {Proceedings of the 6th International Conference on Advanced Data Mining and Applications: Part I},
 series = {ADMA'10},
 year = {2010},
 isbn = {3-642-17315-2, 978-3-642-17315-8},
 location = {Chongqing, China},
 pages = {169--180},
 numpages = {12},
 url = {http://dl.acm.org/citation.cfm?id=1947599.1947616},
 acmid = {1947616},
 publisher = {Springer-Verlag},
 address = {Berlin, Heidelberg},
 keywords = {fingerprint, near-duplicate, similarity score, web crawling and threshold},
} 

@article{key:article,
	author = {V. A. Narayana and P. Premchand and A. Govardhan},
	title = {Article: Performance and Comparative Analysis of the Two Contrary Approaches for Detecting Near Duplicate Web Documents in Web Crawling},
	journal = {International Journal of Computer Applications},
	year = {2012},
	volume = {59},
	number = {3},
	pages = {22-29},
	month = {December},
	note = {Full text available}
}

@inproceedings{Nourashrafeddin:2013:ITD:2494266.2494279,
 author = {Nourashrafeddin, Seyednaser and Milios, Evangelos and Arnold, Dirk},
 title = {Interactive Text Document Clustering Using Feature Labeling},
 booktitle = {Proceedings of the 2013 ACM Symposium on Document Engineering},
 series = {DocEng '13},
 year = {2013},
 isbn = {978-1-4503-1789-4},
 location = {Florence, Italy},
 pages = {61--70},
 numpages = {10},
 url = {http://doi.acm.org/10.1145/2494266.2494279},
 doi = {10.1145/2494266.2494279},
 acmid = {2494279},
 publisher = {ACM},
 address = {New York, NY, USA},
 keywords = {active feature supervision, term clouds, term clustering},
} 
@article{wang2014hashing,
  title={Hashing for similarity search: A survey},
  author={Wang, Jingdong and Shen, Heng Tao and Song, Jingkuan and Ji, Jianqiu},
  journal={arXiv preprint arXiv:1408.2927},
  year={2014}
}

@INPROCEEDINGS{7840807, 
author={J. H. Wang and J. Z. Lin}, 
booktitle={2016 IEEE International Conference on Big Data (Big Data)}, 
title={Improving clustering efficiency by SimHash-based K-Means algorithm for big data analytics}, 
year={2016}, 
volume={}, 
number={}, 
pages={1881-1888}, 
keywords={Big Data;data analysis;data reduction;pattern clustering;Big Data analytics;SimHash-based k-means algorithm;clustering efficiency;dimensionality reduction;locality-sensitive hashing;Algorithm design and analysis;Big data;Clustering algorithms;Feature extraction;Fingerprint recognition;Hamming distance;Metadata;Dimension Reduction;Document Clustering;K-Means;SimHash;Similarity Calculation}, 
doi={10.1109/BigData.2016.7840807}, 
ISSN={}, 
month={Dec},}


@inproceedings{Wadleigh:2015:EML:2736277.2741658,
 author = {Wadleigh, John and Drew, Jake and Moore, Tyler},
 title = {The E-Commerce Market for "Lemons": Identification and Analysis of Websites Selling Counterfeit Goods},
 booktitle = {Proceedings of the 24th International Conference on World Wide Web},
 series = {WWW '15},
 year = {2015},
 isbn = {978-1-4503-3469-3},
 location = {Florence, Italy},
 pages = {1188--1197},
 numpages = {10},
 url = {https://doi.org/10.1145/2736277.2741658},
 doi = {10.1145/2736277.2741658},
 acmid = {2741658},
 publisher = {International World Wide Web Conferences Steering Committee},
 address = {Republic and Canton of Geneva, Switzerland},
 keywords = {binary classifier, counterfeit goods, cybercrime measurement},
} 

